<?xml version="1.0" encoding="UTF-8"?><collection xmlns="http://www.loc.gov/MARC21/slim"><record><leader>00454nam--2200133-i-4500</leader><controlfield tag="001">000001637</controlfield><controlfield tag="002">20161230</controlfield><controlfield tag="005">20161230201024</controlfield><controlfield tag="008">060222s1000------------r-----000-0-eng-d</controlfield><datafield ind1=" " ind2=" " tag="080"><subfield code="a">543.544(043)</subfield></datafield><datafield ind1=" " ind2=" " tag="100"><subfield code="a">Francina, Alain</subfield></datafield><datafield ind1=" " ind2=" " tag="245"><subfield code="a">Contribution a l analyse par chromatographis sur couches minces des organophosphores et a l etude de leur comportement en milieux anhydres.these</subfield></datafield><datafield ind1=" " ind2=" " tag="260"><subfield code="a">Lyon, Universite Claude Bernard, 1973. 142 P</subfield></datafield><datafield ind1=" " ind2=" " tag="852"><subfield code="a">42091</subfield></datafield></record></collection>